<?xml version="1.0" encoding="UTF-8"?>
<collection xmlns:xsi="http://www.w3.org/2001/XMLSchema-instance" xsi:schemaLocation="http://www.loc.gov/MARC21/slim http://www.loc.gov/standards/marcxml/schema/MARC21slim.xsd" xmlns="http://www.loc.gov/MARC21/slim">
<record>
  <leader>01944cam a2200337   4500</leader>
  <controlfield tag="001">596308</controlfield>
  <controlfield tag="003">NNC</controlfield>
  <controlfield tag="005">20100307074439.0</controlfield>
  <controlfield tag="008">870918m19479999sy       cb   001 0 arar </controlfield>
  <datafield tag="010" ind1=" " ind2=" ">
    <subfield code="a">   59023133/NE </subfield>
  </datafield>
  <datafield tag="035" ind1=" " ind2=" ">
    <subfield code="a">(OCoLC)8985230</subfield>
  </datafield>
  <datafield tag="035" ind1=" " ind2=" ">
    <subfield code="a">(OCoLC)ocm08985230</subfield>
  </datafield>
  <datafield tag="035" ind1=" " ind2=" ">
    <subfield code="a">(CStRLIN)NYCG87-B76088</subfield>
  </datafield>
  <datafield tag="035" ind1=" " ind2=" ">
    <subfield code="9">ACQ0852CU</subfield>
  </datafield>
  <datafield tag="035" ind1=" " ind2=" ">
    <subfield code="a">(NNC)596308</subfield>
  </datafield>
  <datafield tag="040" ind1=" " ind2=" ">
    <subfield code="d">NNC</subfield>
  </datafield>
  <datafield tag="043" ind1=" " ind2=" ">
    <subfield code="a">a-sy---</subfield>
  </datafield>
  <datafield tag="050" ind1="0" ind2=" ">
    <subfield code="a">Z6621</subfield>
    <subfield code="b">.D15</subfield>
  </datafield>
  <datafield tag="090" ind1=" " ind2=" ">
    <subfield code="a">Z6621</subfield>
    <subfield code="b">.D15</subfield>
  </datafield>
  <datafield tag="110" ind1="2" ind2=" ">
    <subfield code="a">Dār al-Kutub al-Ẓāhirīyah.</subfield>
  </datafield>
  <datafield tag="245" ind1="1" ind2="0">
    <subfield code="a">Fihris makhṭūtṭāt Dār al-Kutub al-Ẓāhirīyah.</subfield>
  </datafield>
  <datafield tag="260" ind1=" " ind2=" ">
    <subfield code="a">Dimashq</subfield>
    <subfield code="c">1947-</subfield>
  </datafield>
  <datafield tag="300" ind1=" " ind2=" ">
    <subfield code="a">v.</subfield>
    <subfield code="c">26 cm.</subfield>
  </datafield>
  <datafield tag="490" ind1="1" ind2=" ">
    <subfield code="a">Maṭbūʻāt al-Majmaʻ al-ʻIlmī al-ʻArabī bi-Dimashq</subfield>
  </datafield>
  <datafield tag="500" ind1=" " ind2=" ">
    <subfield code="a">Vol. 5, with introd. in Arabic and English, has added t.p.: Index of manuscripts on medicine, pharmacy, and allied sciences in the Zâhirîyah Library.</subfield>
  </datafield>
  <datafield tag="500" ind1=" " ind2=" ">
    <subfield code="a">Vols. 1, pt. 2, 5-15 have imprint Majmaʻ al-Lughah al-ʻArabīyah bi-Dimashq.</subfield>
  </datafield>
  <datafield tag="504" ind1=" " ind2=" ">
    <subfield code="a">Includes bibliographical references and indexes.</subfield>
  </datafield>
  <datafield tag="505" ind1="1" ind2=" ">
    <subfield code="a">[2] ʻUlūm al-Qurʾān. 3v. 1962-1984. -- [3] al-Fiqh al-Shāfiʻī. 1963. -- [4] al-Shiʻr. 1964. -- [5] alṬibb wa-al-Ṣaydalah. 1969. -- [6] ʻIlm al-hayʾah wa-mulḥaqātuh. 1969. -- [7] ʻIlm al-jughrāfīyah wa-mulḥaqātuh. 1969.-- [8] Falsafat al-manṭiq wa-ādāb al-baḥth. 1970. -- [9] al-Muntakhab -- [10] al-Riyāḍīyāt. 1973.-- [11] al-Tārīkh wa-mulḥaqātuh. 2v. 1947-1973. -- [12] ʻUlūm al-lughah al-ʻArabīyah, al-naḥw. 1973. -- [13] ʻUlūm al-lughah al-ʻArabīyah, al-lughah al-balāghah, al-ʻaruḍ, al-ṣarf. 1973. -- [14] al-Taṣawwuf. 3v. 1978-1982 -- [15] al-Adab. 2v. 1982. -- [16] al-Fiqh al-Ḥanafī. 2v. 1980-1981.</subfield>
  </datafield>
  <datafield tag="650" ind1=" " ind2="0">
    <subfield code="a">Manuscripts, Arabic</subfield>
    <subfield code="z">Syria</subfield>
    <subfield code="z">Damascus</subfield>
    <subfield code="v">Catalogs.</subfield>
  </datafield>
  <datafield tag="610" ind1="2" ind2="0">
    <subfield code="a">Dār al-Kutub al-Ẓāhirīyah</subfield>
    <subfield code="v">Catalogs.</subfield>
  </datafield>
  <datafield tag="830" ind1=" " ind2="0">
    <subfield code="a">Maṭbūʻāt al-Majmaʻ al-ʻIlmī al-ʻArabī bi-Dimashq.</subfield>
  </datafield>
  <datafield tag="955" ind1=" " ind2=" ">
    <subfield code="b">0036762466</subfield>
    <subfield code="d">glx</subfield>
    <subfield code="e">Z6621 .D15</subfield>
    <subfield code="v">v.3</subfield>
  </datafield>
</record>
</collection>